<record><leader>00000cas a2200000 a 4500</leader><controlfield tag="001">13002160</controlfield><controlfield tag="008">860110u19uuuuuufluwr ne      0    0eng d</controlfield><datafield ind1=" " ind2=" " tag="010"><subfield code="a">sn 86063023 </subfield></datafield><datafield ind1=" " ind2=" " tag="040"><subfield code="a">KSH</subfield><subfield code="b">eng</subfield><subfield code="c">KSH</subfield><subfield code="d">NPT</subfield><subfield code="d">OCL</subfield><subfield code="d">OCLCQ</subfield></datafield><datafield ind1=" " ind2=" " tag="042"><subfield code="a">msc</subfield></datafield><datafield ind1="0" ind2="4" tag="245"><subfield code="a">The Beach post.</subfield></datafield><datafield ind1=" " ind2=" " tag="260"><subfield code="a">Miami Beach, Fla. :</subfield><subfield code="b">Miami Beach Service Base</subfield></datafield><datafield ind1=" " ind2=" " tag="300"><subfield code="a">v. :</subfield><subfield code="b">ill. ;</subfield><subfield code="c">43 cm.</subfield></datafield><datafield ind1=" " ind2=" " tag="310"><subfield code="a">Weekly</subfield></datafield><datafield ind1=" " ind2=" " tag="588"><subfield code="a">Description based on: Vol. 3, no. 28 (Dec. 2, 1944).</subfield></datafield><datafield ind1=" " ind2=" " tag="752"><subfield code="a">United States</subfield><subfield code="b">Florida</subfield><subfield code="c">Dade</subfield><subfield code="d">Miami.</subfield></datafield><datafield ind1="1" ind2=" " tag="029"><subfield code="a">AU@</subfield><subfield code="b">000022167030</subfield></datafield></record>